<?xml version="1.0" encoding="UTF-8"?><collection xmlns="http://www.loc.gov/MARC21/slim"><record><leader>00486nam--2200193-i-4500</leader><controlfield tag="001">000036859</controlfield><controlfield tag="002">20161230</controlfield><controlfield tag="005">20161230201041</controlfield><controlfield tag="008">060222s1000------------r-----000-0-rus-d</controlfield><datafield ind1=" " ind2=" " tag="040"><subfield code="a">IFIN-HH</subfield></datafield><datafield ind1=" " ind2=" " tag="041"><subfield code="a">rus</subfield></datafield><datafield ind1=" " ind2=" " tag="080"><subfield code="a">539.186(043)</subfield></datafield><datafield ind1="1" ind2=" " tag="100"><subfield code="a">Jucys, A.P</subfield></datafield><datafield ind1="1" ind2="0" tag="245"><subfield code="a">Matematiceskie osnovi teorii atoma</subfield><subfield code="c">A.p. jucys, a.j. savukynas</subfield></datafield><datafield ind1=" " ind2=" " tag="260"><subfield code="a">Vilnius</subfield><subfield code="b">Mintis</subfield><subfield code="c">1973</subfield></datafield><datafield ind1=" " ind2=" " tag="300"><subfield code="a">479P</subfield></datafield><datafield ind1="1" ind2=" " tag="700"><subfield code="a">Savukynas, A.J</subfield></datafield><datafield ind1=" " ind2=" " tag="852"><subfield code="a">40255</subfield><subfield code="c">539.18</subfield></datafield><datafield ind1=" " ind2=" " tag="CAT"><subfield code="a">Sys</subfield><subfield code="c">20120703</subfield><subfield code="h">121336</subfield></datafield></record></collection>